@Website{ajax,
	author = {{JS Foundation - js.foundation}},
	month = {03},
	title = {{Ajax | jQuery Learning Center}},
	url = {https://learn.jquery.com/ajax/},
	year = {2015},
	cited = {!2021-03-12}
}

@Website{w3techs,
    author = {{W3Techs - Web Technology Surveys}},
    title = {{Usage statistics and market share of jQuery for websites}},
    url = {https://w3techs.com/technologies/details/js-jquery},
    cited = {!2021-04-25}
}

@Website{risingstars,
    author = {{Blackwood, B. a Rambeau, M.}},
    secondarytitle = {{2020 JavaScript Rising Stars}},
    title = {{Bestofjs}},
    howpublished = {online},
    url = {https://risingstars.js.org/2020/en#section-framework},
    cited = {!2021-05-09}
}

@book{ecmascript,
    author = {{ECMA International}},
    month = {06},
    title = {{ECMAScript 2020 Language Specification}},
    howpublished = {online},
    url = {https://www.ecma-international.org/wp-content/uploads/ECMA-262.pdf},
    year = {2020},
    cited = {!2021-05-10}
}

@Website{historicaltrends,
    author = {{W3Techs - Web Technology Survey}},
    title = {{Historical trends in the usage statistics of client-side programming languages for websites}},
    howpublished = {online},
    url = {https://w3techs.com/technologies/history_overview/client_side_language/all},
    cited = {!2021-05-05}
}

@article{futureofsoftware,
    author = {Jazayeri, M.},
    journal = {Future of Software Engineering},
    title = {{Some Trends in Web Application Development}},
    url = {https://vulms.vu.edu.pk/Courses/CS508/Downloads/Emerging%20Trend.pdf},
    year = {2007},
}

@Website{webserver,
    author = {{MDN Web Docs}},
    title = {{What is a web server?}},
    howpublished = {online},
    url = {https://developer.mozilla.org/en-US/docs/Learn/Common_questions/What_is_a_web_server},
    cited = {!2021-05-06}
}

@Website{website,
    author = {{MDN Web Docs}},
    title = {{What is the difference between webpage, website, web server, and search engine?}},
    howpublished = {online},
    url = {https://developer.mozilla.org/en-US/docs/Learn/Common_questions/Pages_sites_servers_and_search_engines},
    cited = {!2021-05-06}
}

@inbook{differencewebapps,
    author = {Fowler, S. and Stanwick, V.},
    booktitle = {Web Application Design Handbook: Best Practices for Web-Based Software},
    pages = {1--22},
    publisher = {Morgan Kaufmann},
    title = {{What is a Web Application}},
    year = {2004},
}

@Website{chrome,
    author = {{W3Counter}},
    title = {{Web Browser Usage Trends}},
    url = {hhttps://www.w3counter.com/trends},
    cited = {!2021-04-28}
}

@book{spadevelopment,
    author = {Fink, G. and Flatow, I.},
    edition = {1st ed.},
    publisher = {Apress},
    title = {{Pro Single Page Application Development: Using Backbone.js and ASP.NET}},
    year = {2014},
}

@book{learningdesign,
    author = {Robbins, J. N.},
    edition = {4th ed.},
    publisher = {O'Reilly Media},
    title = {{Learning Web Design}},
    year = {2012},
}

@book{nodejsdevelopment,
    author = {{Brown, E.}},
    edition = {2nd ed.},
    publisher = {O'Reilly Media},
    title = {{Web Development with Node & Express}},
    year = {2020},
}

@Website{aboutjava,
    author = {{MDN Web Docs}},
    title = {{About JavaScript}},
    howpublished = {online},
    url = {https://developer.mozilla.org/en-US/docs/Web/JavaScript/About_JavaScript},
    cited = {!2021-05-11}
}

@inbook{webbrowsers,
    author = {Shklar, L. and Rosen, R.},
    booktitle = {Web Application Architecture: Principles, Protocols and Practices},
    pages = {103--140},
    publisher = {John Wiley & Sons},
    title = {{Web Browsers}},
    year = {2003},
}

@inbook{bubble,
    editor = {O'Reilly, T.},
    booktitle = {What is Web 2.0},
    publisher = {O'Reilly Media},
    title = {{Chapter 1: Design Patterns and Business Models for the Next Generation of Software}},
    year = {2009},
}

@book{eloquentjava,
    author = {{Haverbeke, M.}},
    edition = {3th ed.},
    publisher = {No Starch Press},
    title = {{Eloquent JavaScript}},
    year = {2018},
}

@Website{nodejsevent,
    author = {{Node.js}},
    title = {{The Node.js Event Loop, Timers, and process.nectTick()}},
    howpublished = {online},
    url = {https://nodejs.org/en/docs/guides/event-loop-timers-and-nexttick/},
    cited = {!2021-04-29}
}

@Website{npmdocs,
    author = {{Npm Docs}},
    title = {{About npm}},
    howpublished = {online},
    url = {https://docs.npmjs.com/about-npm},
    cited = {!2021-04-30}
}

@Website{typescriptweb,
    author = {{TypeScript}},
    title = {{TypeScript for the New Programmer}},
    howpublished = {online},
    url = {https://www.typescriptlang.org/docs/handbook/typescript-from-scratch.html},
    cited = {!2021-05-12}
}

@book{webcomponentsaction,
    author = {{Farrel, B.}},
    publisher = {Manning Publications},
    title = {{Web Components in Action}},
    year = {2019},
}

@book{angularforenterprise,
    author = {{Uluca, D.}},
    publisher = {Packt Publishing Limited},
    title = {{Angular for Enterprise-Ready Web Applications}},
    year = {2019},
}

@book{vuejsup,
    author = {{Macrae, C.}},
    edition = {1st ed.},
    publisher = {O'Reilly Media},
    title = {{Vue.js: Up & Running}},
    year = {2018},
}

@Website{intellijidea,
    author = {{Jet Brains}},
    title = {{IntelliJ IDEA}},
    howpublished = {online},
    url = {https://www.jetbrains.com/idea/},
    cited = {!2021-05-11}
}

@Website{gitreference,
    author = {{Git}},
    title = {{Reference}},
    howpublished = {online},
    url = {https://git-scm.com/docs},
    cited = {!2021-05-01}
}

@Website{understandwebapps,
    author = {{Adobe}},
    title = {{Understand web applications}},
    howpublished = {online},
    url = {https://helpx.adobe.com/dreamweaver/user-guide.html/dreamweaver/using/web-applications.ug.html#web_application_terminology},
    cited = {!2021-04-24}
}

@Website{pwas,
    author = {{MDN Web Docs}},
    title = {{Progressive web apps (PWAs)}},
    howpublished = {online},
    url = {https://developer.mozilla.org/en-US/docs/Web/Progressive_web_apps},
    cited = {!2021-04-25}
}

@Website{vuelifecycle,
    author = {{Vue.js}},
    title = {{Lifecycle Diagram}},
    howpublished = {online},
    url = {https://v3.vuejs.org/guide/instance.html#lifecycle-diagram},
    cited = {!2021-05-10}
}

@book{bootstrapbook,
    author = {{Spurlock, J.}},
    publisher = {O'Reilly Media},
    title = {{Bootstrap: Responsive Web Development}},
    year = {2013},
}

@Website{domintro,
    author = {{MDN Web Docs}},
    title = {{Introduction to the DOM}},
    howpublished = {online},
    url = {https://developer.mozilla.org/en-US/docs/Web/API/Document_Object_Model/Introduction},
    cited = {!2021-05-10}
}

@Website{introjson,
    author = {{JSON}},
    title = {{Introducing JSON}},
    howpublished = {online},
    url = {https://www.json.org/json-en.html},
    cited = {!2021-04-29}
}

@book{jquerybook,
    editor = {{Lindley, C.}},
    publisher = {O'Reilly Media},
    title = {{jQuery Cookbook: Solutions & Examples for jQuery Developers}},
    year = {2009},
}

@Website{webapis,
    author = {{MDN Web Docs}},
    title = {{Introduction to web APIs}},
    howpublished = {online},
    url = {https://developer.mozilla.org/en-US/docs/Learn/JavaScript/Client-side_web_APIs/Introduction},
    cited = {!2021-04-29}
}

@Website{clientsideframe,
    author = {{MDN Web Docs}},
    title = {{Introduction to client-side frameworks}},
    howpublished = {online},
    url = {https://developer.mozilla.org/en-US/docs/Learn/Tools_and_testing/Client-side_JavaScript_frameworks/Introduction},
    cited = {!2021-05-01}
}

@article{characteristics,
    author = {Bruno, V., Tam, A. a Thom, J.},
    journal = {Proceedings of OZCHI 2005},
    title = {{Characteristics of web applications that affect usability: A review}},
    url = {https://www.researchgate.net/profile/Vince-Bruno/publication/221332130_Characteristics_of_Web_applications_that_affect_usability_A_review/links/0fcfd50d1b8d126323000000/Characteristics-of-Web-applications-that-affect-usability-A-review.pdf,
    year = {2005},
}

@Website{modernapps,
    author = {{Microsoft}},
    title = {{Characteristics of Modern Web Applications}},
    howpublished = {online},
    url = {https://docs.microsoft.com/en-us/dotnet/architecture/modern-web-apps-azure/modern-web-applications-characteristics%7D,
    cited = {!2021-05-10}
}

@Website{reactintro,
    author = {{React}},
    title = {{Introducing JSX}},
    howpublished = {online},
    url = {https://reactjs.org/docs/introducing-jsx.html},
    cited = {!2021-05-10}
}

@Website{reacttutorial,
    author = {{React}},
    title = {{Tutorial: Intro to React}},
    howpublished = {online},
    url = {https://reactjs.org/tutorial/tutorial.html#what-is-react},
    cited = {!2021-05-10}
}